@article{bonassi2021recognition,
  title={The Recognition of Cross-Cultural Emotional Faces Is Affected by Intensity and Ethnicity in a Japanese Sample},
  author={Bonassi, Andrea and Ghilardi, Tommaso and Gabrieli, Giulio and Truzzi, Anna and Borelli, Jessica L and Lepri, Bruno and Shinohara, Kazuyuki and Esposito, Gianluca and others},
  journal={Behavioral Sciences},
  volume={11},
  number={5},
  pages={59},
  year={2021},
  publisher={Multidisciplinary Digital Publishing Institute}
}

@article{bizzego2021deep,
  title={Deep Neural Networks and Transfer Learning on a Multivariate Physiological Signal Dataset},
  author={Bizzego, Andrea and Gabrieli, Giulio and Esposito, Gianluca},
  journal={Bioengineering},
  volume={8},
  number={3},
  pages={35},
  year={2021},
  publisher={Multidisciplinary Digital Publishing Institute},
  howpublished={\url{https://doi.org/10.3390/bioengineering8030035}}
}

@article{gabrieli2021halo,
	title={An analysis of the generalizability and stability of the Halo Effect during the COVID-19 pandemic outbreak},
	author={Gabrieli, Giulio and Lee, Albert and Setoh, Peipei and Esposito, Gianluca},
	journal={Frontiers in Psychology},
	year={2021},
	howpublished={\url{https://doi.org/10.3389/fpsyg.2021.631871}}
}
@incollection{bizzego2021computational,
  title={Computational methods for the assessment of empathic synchrony},
  author={Bizzego, Andrea and Gabrieli, Giulio and Azhari, Atiqah and Setoh, Peipei and Esposito, Gianluca},
  booktitle={Progresses in Artificial Intelligence and Neural Systems},
  pages={555--564},
  year={2021},
  publisher={Springer},
  howpublished={\url{https://doi.org/10.1007/978-981-15-5093-5_47}}
}

@article{ijerph18031315,
    author = {Bizzego, Andrea and Gabrieli, Giulio and Bornstein, Marc H. and Deater-Deckard, Kirby and Lansford, Jennifer E. and Bradley, Robert H. and Costa, Megan and Esposito, Gianluca},
    title = {Predictors of Contemporary under-5 Child Mortality in Low- and Middle-Income Countries: A Machine Learning Approach},
    journal = {International Journal of Environmental Research and Public Health},
    volume = {18},
    year = {2021},
    number = {3},
    howpublished = {\url{https://doi.org/10.3390/ijerph18031315}}
}

@article{esposito2018microgenesis,
	title={Microgenesis of typical storytelling},
	author={Esposito, Gianluca and Venuti, Paola and Iandolo, Giuseppe and de Falco, Simona and Gabrieli, Giulio and Wei, Christine and Bornstein, Marc H},
	journal={Early Child Development and Care},
	pages={1--11},
	year={2018},
	publisher={Routledge},
	howpublished = {\url{https://doi.org/10.1080/03004430.2018.1554653}}
}

@inproceedings{gabrieli2019praat,
	title={Are Praat's Default Settings Optimal for Infant Cry Analysis?},
	author={Gabrieli, Giulio and Leck, Wan Qing and Bizzego, Andrea and Esposito, Gianluca},
	booktitle={Proceedings of the Linux Audio Conference},
	year={2019},
	howpublished = {\url{https://dr.ntu.edu.sg/bitstream/10356/143586/2/Praat.pdf}}
}

@article{bizzego2019pyphysio,
	title={pyphysio: A physiological signal processing library for data science approaches in physiology},
	author={Bizzego, Andrea and Battisti, Alessandro and Gabrieli, Giulio and Esposito, Gianluca and Furlanello, Cesare},
	journal={SoftwareX},
	volume={10},
	pages={100287},
	year={2019},
	publisher={Elsevier},
	howpublished = {\url{https://doi.org/10.1016/j.softx.2019.100287}}
}

@article{azhari2019parenting,
	title={Parenting Stress Undermines Mother-Child Brain-to-Brain Synchrony: A Hyperscanning Study},
	author={Azhari, A and Leck, WQ and Gabrieli, G and Bizzego, A and Rigo, P and Setoh, P and Bornstein, MH and Esposito, G},
	journal={Scientific reports},
	volume={9},
	number={1},
	pages={1--9},
	year={2019},
	publisher={Nature Publishing Group},
	howpublished={\url{https://doi.org/10.1038/s41598-019-47810-4}}
}

@article{gabrieli2019cry,
	title={Are Cry Studies Replicable? An Analysis of Participants, Procedures, and Methods Adopted and Reported in Studies of Infant Cries},
	author={Gabrieli, Giulio and Scapin, Giulia and Bornstein, Marc H and Esposito, Gianluca},
	journal={Acoustics},
	volume={1},
	number={4},
	pages={866--883},
	year={2019},
	publisher={MDPI},
	howpublished={\url{https://doi.org/10.3390/acoustics1040052}}
}

@article{venturoso2019effects,
	title={Effects of Baby Schema and Mere Exposure on Explicit and Implicit Face Processing},
	author={Venturoso, Leonardo and Gabrieli, Giulio and Truzzi, Anna and Azhari, Atiqah and Setoh, Peipei and Bornstein, Marc H and Esposito, Gianluca},
	journal={Frontiers in Psychology},
	volume={10},
	pages={2649},
	year={2019},
	publisher={Frontiers},
	howpublished={\url{https://doi.org/10.3389/fpsyg.2019.02649}}
}

@article{gabrieli2019using,
	title={Using users' physiological responses for the estimation of websites' aesthetic judgments},
	author={Gabrieli, Giulio and Bornstein, Marc H and Esposito, Gianluca},
	year={2019},
	publisher={PsyArXiv},
	journal={PsyArXiv},
	howpublished={\url{https://doi.org/10.31234/osf.io/cwfx5}}
}

@article{bonassi2020oxytocin,
	title={Oxytocin Receptor Gene Polymorphisms and Early Parental Bonding Interact in Shaping Instagram Social Behavior},
	author={Bonassi, Andrea and Cataldo, Ilaria and Gabrieli, Giulio and Foo, Jia N and Lepri, Bruno and Esposito, Gianluca},
	journal={International Journal of Environmental Research and Public Health},
	volume={17},
	number={19},
	pages={7232},
	year={2020},
	publisher={Multidisciplinary Digital Publishing Institute},
	howpublished={\url{https://doi.org/10.3390/ijerph17197232}}
}

@article{bizzego2020strangers,
	title={Strangers, Friends, and Lovers Show Different Physiological Synchrony in Different Emotional States},
	author={Bizzego, Andrea and Azhari, Atiqah and Campostrini, Nicola and Truzzi, Anna and Ng, Li Ying and Gabrieli, Giulio and Bornstein, Marc H and Setoh, Peipei and Esposito, Gianluca},
	journal={Behavioral Sciences},
	volume={10},
	number={1},
	pages={11},
	year={2020},
	publisher={Multidisciplinary Digital Publishing Institute},
	howpublished={\url{https://doi.org/10.3390/bs10010011}}
}

@article{gabrieli2020assessing,
	title={Assessing Mothers' Post-Partum Depression from Their Infants' Cry Vocalizations},
	author={Gabrieli, Giulio and Bornstein, Marc H and Manian, Nanmathi and Esposito, Gianluca},
	journal={Behavioral Sciences},
	volume={10},
	number={2},
	pages={55},
	year={2020},
	publisher={MDPI},
	howpublished={\url{https://doi.org/10.3390/bs10020055}}
}

@article{azhari2020maternal,
	title={Maternal Anxious Attachment Style is Associated with Reduced Mother-Child Brain-to-Brain Synchrony},
	author={Azhari, Atiqah and Gabrieli, Giulio and Bizzego, Andrea and Bornstein, Marc H and Esposito, Gianluca},
	journal={bioRxiv},
	year={2020},
	publisher={Cold Spring Harbor Laboratory},
	howpublished={\url{https://doi.org/10.1101/2020.01.23.917641 }}
}

@article{bonassi2020interaction,
	title={The interaction between serotonin transporter allelic variation and maternal care modulates sociability on Instagram},
	author={Bonassi, Andrea and Cataldo, Ilaria and Gabrieli, Giulio and Tandiono, Moses and Foo, Jia Nee and Lepri, Bruno and Esposito, Gianluca},
	year={2020},
	publisher={PsyArXiv},
	journal={PsyArXiv},
	howpublished={\url{https://doi.org/10.31234/osf.io/dkvnf}}
}

@article{azhari2020physical,
	title={Physical presence of spouse enhances brain-to-brain synchrony in co-parenting couples},
	author={Azhari, Atiqah and Lim, Mengyu and Bizzego, Andrea and Gabrieli, Giulio and Bornstein, Marc H and Esposito, Gianluca},
	journal={Scientific Reports},
	volume={10},
	number={1},
	pages={1--11},
	year={2020},
	publisher={Nature Publishing Group},
	howpublished={\url{https://doi.org/10.1038/s41598-020-63596-2}}
}



@article{azhari2020parents,
	title={Parents’ Past Bonding Experience with Their Parents Interacts with Current Parenting Stress to Influence the Quality of Interaction with Their Child},
	author={Azhari, Atiqah and Wong, Ariel Wan Ting and Lim, Mengyu and Balagtas, Jan Paolo Macapinlac and Gabrieli, Giulio and Setoh, Peipei and Esposito, Gianluca},
	journal={Behavioral Sciences},
	volume={10},
	number={7},
	pages={114},
	year={2020},
	publisher={Multidisciplinary Digital Publishing Institute},
	howpublished={\url{https://doi.org/10.3390/bs10070114}}
}



@article{durnford2020presence,
	title={Presence of parent, gender and emotional valence influences preschoolers' PFC processing of video stimuli},
	author={Durnford, Justin R and Balagtas, Jan Paolo M and Azhari, Atiqah and Lim, Mengyu and Gabrieli, Giulio and Bizzego, Andrea and Esposito, Gianluca},
	journal={Early Child Development and Care},
	pages={1--11},
	year={2020},
	publisher={Routledge},
	howpublished={\url{https://doi.org/10.1080/03004430.2020.1832997}},
}

@article{bizzego2020child,
	title={Child disability and caregiving in low and middle income countries: Big data approach on open data},
	author={Bizzego, Andrea and Lim, Mengyu and Schiavon, Greta and Setoh, Peipei and Gabrieli, Giulio and Dimitriou, Dagmara and Esposito, Gianluca},
	journal={Research in Developmental Disabilities},
	volume={107},
	pages={103795},
	year={2020},
	publisher={Pergamon},
	howpublished={\url{https://doi.org/10.1016/j.ridd.2020.103795}}
}

@article{bizzego2020comparison,
	title={Comparison of wearable and clinical devices for acquisition of peripheral nervous system signals},
	author={Bizzego, Andrea and Gabrieli, Giulio and Furlanello, Cesare and Esposito, Gianluca},
	journal={Sensors},
	volume={20},
	number={23},
	pages={6778},
	year={2020},
	publisher={Multidisciplinary Digital Publishing Institute},
	howpublished={\url{https://doi.org/10.3390/s20236778}}
}

@article{carollo2020relation,
	title={The relation between Oxytocin Receptor Gene polymorphisms, adult attachment and Instagram sociability: an exploratory analysis},
	author={Carollo, Alessandro and Bonassi, Andrea and Cataldo, Ilaria and Gabrieli, Giulio and Tandiono, Moses and Foo, Jia N and Lepri, Bruno and Esposito, Gianluca},
	year={2020},
	publisher={PsyArXiv},
	journal={PsyArXiv},
	howpublished={\url{https://doi.org/10.31234/osf.io/yc538}}
}

@article{atiqah2020physical,
	title={Physical presence of spouse enhances brain-to-brain synchrony in co-parenting couples},
	author={Azhari, Atiqah and Lim, Mengyu and Bizzego, Andrea and Gabrieli, Giulio and Bornstein, Marc H and Esposito, Gianluca},
	journal={Scientific Reports (Nature Publisher Group)},
	volume={10},
	number={1},
	year={2020},
	publisher={Nature Publishing Group},
	howpublished={\url{https://doi.org/10.1038/s41598-020-63596-2}}
}

@article{gabrieli2020machine,
	title={A Machine Learning Approach for the Automatic Estimation of Fixation-Time Data Signals’ Quality},
	author={Gabrieli, Giulio and Balagtas, Jan Paolo Macapinlac and Esposito, Gianluca and Setoh, Peipei},
	journal={Sensors},
	volume={20},
	number={23},
	pages={6775},
	year={2020},
	publisher={Multidisciplinary Digital Publishing Institute},
	howpublished={\url{https://doi.org/10.3390/s20236775}}
}

@article{carollo2020m,
	title={I’m alone but not lonely. U-shaped pattern of perceived loneliness during the COVID-19 pandemic in the UK and Greece},
	author={Carollo, Alessandro and Bizzego, Andrea and Gabrieli, Giulio and Wong, Keri Ka-Yee and Raine, Adrian and Esposito, Gianluca},
	journal={medRxiv},
	year={2020},
	publisher={Cold Spring Harbor Laboratory Press},
	howpublished={\url{https://doi.org/10.1101/2020.11.26.20239103}}
}

@article{azhari2020probing,
	title={Probing the association between maternal anxious attachment style and mother-child brain-to-brain coupling during passive co-viewing of visual stimuli},
	author={Azhari, Atiqah and Gabrieli, Giulio and Bizzego, Andrea and Bornstein, Marc H and Esposito, Gianluca},
	journal={Attachment \& human development},
	pages={1--16},
	year={2020},
	howpublished={\url{https://doi.org/10.1080/14616734.2020.1840790}}
}

@incollection{gabrieli2020pysiology,
	title={PySiology: A python package for physiological feature extraction},
	author={Gabrieli, Giulio and Azhari, Atiqah and Esposito, Gianluca},
	booktitle={Neural Approaches to Dynamics of Signal Exchanges},
	pages={395--402},
	year={2020},
	publisher={Springer}
}

@presentation{haloprimingescan2021,
	title = {Effects of Social Distancing on the strength Halo Effect: Does attachment style matter?},
	author = {Gabrieli, Giulio and Lim, Yun Yee and Esposito, Gianluca},
	year = 2021,
	eventtitle = {5th international conference of the European Society for Cognitive and Affective Neuroscience (ESCAN)},
	eventdate = {2021-06-23/2021-06-26},
	venue = {Virtual}
}

@presentation{cryescan2021,
	title = {Baby Don't Cry. Measuring the empathetic response towards infant cries in a Singaporean context},
	author = {Ng, Xinyao and Gabrieli, Giulio and Azhari, Atiqah and Neoh, Michelle Jin Yee and Esposito, Gianluca},
	year = 2021,
	eventtitle = {5th international conference of the European Society for Cognitive and Affective Neuroscience (ESCAN)},
	eventdate = {2021-06-23/2021-06-26},
	venue = {Virtual}
}

@presentation{parentingdisabilities2021,
	title = {Parenting and Child Disability in Low- and Middle-Income Countries: Data-Driven Approaches on Open Big Data},
	author = {Bizzego, Andrea  and Lim, Mengyu and Schiavon, Greta and Setoh, Peipei and Gabrieli, Giulio and Dimitriou, Dagmara and Esposito, Gianluca},
	year = 2021,
	eventtitle = {Society for Research in Child Development Biennial Meeting},
	eventdate = {2020-04-07/2020-04-09},
	venue = {Virtual}
}

@presentation{cryPPD2021,
	title = {Using Infants' cry Vocalizations to Assess Post-Partum Depression in their Mothers},
	author = {Gabrieli, Giulio  and Bornstein, Marc H. and Manian, Nanmathi and Esposito, Gianluca},
	year = 2021,
	eventtitle = {Society for Research in Child Development Biennial Meeting},
	eventdate = {2020-04-07/2020-04-09},
	venue = {Virtual}
}

@presentation{satu2021,
	title = {Perceived loneliness and lockdown duration: Using Artificial Intelligence to uncover patterns in COVID-19 data},
	author = {Carollo, Alessandro and Bizzego, Andrea and Gabrieli, Giulio and Wong, Kery K. Y., and Raine, A. and Esposito, Gianluca},
	eventdate = {2021-02-02},
	eventtitle = {President's Forum on Southeast and South Asia and Taiwan Universities},
	venue = {Virtual},
	year = 2021
}

@presentation{insta2021,
	author = {Carollo, Alessandro and Bonassi, Andrea and Cataldo, Ilaria and Gabrieli, Giulio and Lepri, Bruno and Esposito, Gianluca},
	title = {The effect of avoidant attachment with the partner on the number of followed users on Instagram: a GxE study},
	year = 2021,
	eventtitle = {European Conference on Digital Psychology},
	eventdate = {2021-02-19/2021-02-20},
	venue = {Milan, Italy}
}

@presentation{cov2020,
	title = {I'm alone but not lonely: investigating the U-shaped pattern of perceived loneliness during the COVID-19 pandemic in the United Kingdom and Greece},
	author = {Carollo, Alessandro and Bizzego, Andrea and Gabrieli, Giulio and Wong, K.K.Y. and Raine, A. and Esposito, Gianluca},
	year = 2020,
	eventtitle = {Society of Behavioural Health Virtual Scientific Meeting},
	eventdate = {2020-10-31/2020-11-07},
	venue = {Virtual}
}	  		

@presentation{brownbag2020,
	title = {An Analysis of the Generalizability and Stability of the Halo Effect},
	author = {Gabrieli, Giulio},
	year = 2020,
	eventtitle = {School of Social Sciences - Graduate Students Club's Brownbag Seminar},
	eventdate = {2020-09-11},
	venue = {Singapore, Singapore}
}	  	

@presentation{presvirt2020,
	title = {Serotonin transporter gene polymorphisms and confidence in adult relationships affect the number of followed people on Instagram},
	author = {Bonassi, Andrea and Cataldo, Ilaria and Gabrieli, Giulio and Nee Foo, J. and Lepri, Bruno and Esposito, Gianluca},
	year = 2020,
	eventtitle = {33rd Congress of the European College of Neuropsychopharmacology},
	eventdate = {2020-09-12/2020-09-15},
	venue = {Virtual}
}	  	

@presentation{scattoni2020,
	title = {Acoustic features of cry from birth as early markers of neurodevelopmental disorders},
	author = {Caruso, Angela and Gabrieli, Giulio and Fulceri, F. and Micai, M. and Esposito, G. and NIDA Network and Scattoni, M.L.},
	year = 2020,
	eventtitle = {Behavioural Measures of Language Acquisition and language processing in typical and atypical populations},
	eventdate = {2020-05-20/2020-05-21},
	venue = {Venice, Italy}
}	    	  

@presentation{presCSA2020,
	title = {Genetic predispositions and early parent-child relationship are related to Instagram behaviour},
	author = {Bonassi, Andrea and Cataldo, Ilaria and Gabrieli, Giulio and Lepri, Bruno and Esposito, Gianluca},
	year = 2020,
	eventtitle = {Cognitive Science Arena (CSA)},
	eventdate = {2020-02-07/2020-02-08},
	venue = {Brixen, Italy}
}	    	  

@presentation{gobbi2020,
	title = {Exploring Sociable Attitudes in Facebook: A gene-environment investigation},
	author = {Gobbi, Pietro and Bonassi, Andrea and Cataldo, Ilaria and Gabrieli, Giulio and Lepri, Bruno and Esposito, Gianluca},
	year = 2020,
	eventtitle = {Cognitive Science Arena (CSA)},
	eventdate = {2020-02-07/2020-02-08},
	venue = {Brixen, Italy}
}	    

@presentation{micsmanila2019,
	title = {Child Mortality in Low- and Middle-Income Countries: A transdisciplinary study using Artificial Intelligence},
	author = {Bizzego, Andrea and Gabrieli, Giulio and Bornstein, Mark H. and Deater-Deckard, Kirby and Putnick, Diane L. and Lansford, Jennifer. E. and Bradley, R. H. and Costa, Megan and Esposito, Gianluca},
	year = 2019,
	eventtitle = {3rd International Developmental Pediatrics Association Congress - Transdisciplinary interventions: Idea in Action},
	eventdate = {2019-12-09/2019-12-12},
	venue = {Manila, Philippines}
}

@presentation{pres2019,
	title = {Genetic factors and early parent-infant interactions shape Instagram users' social behaviour},
	author = {Bonassi, Andrea and Cataldo, Ilaria and Gabrieli, Giulio and Lepri, Bruno and Esposito, Gianluca},
	year = {2019},
	eventtitle = {Federation of European Neuroscience Societies (FENS) Hertie Winter School},
	eventdate = {2019-12-08/2019-12-14},
	venue = {Obergurgl, Austria}
}

@presentation{repro2019c,
	author = {Kamburova, H. and Kumar, R. and Gao, F. and Gabrieli, Giulio},
	year = 2019,
	title = {Open Access in the Asia-Pacific Countries: A Q\&A with Academics},
	eventtitle = {Researcher App Webinair},
	eventdate = {2019-12-05}
}

@presentation{repro2019b,
	author = {Goh, S. N. Gabrieli, Giulio and Koh, W.},
	year = 2019,
	title = {Open Data and Materials},
	eventtitle = {Singapore ReproducibiliTea},
	eventdate = {2019-12-05},
	venue = {Singapore, Singapore}
}

@presentation{repro2019a,
	author = {Gabrieli, Giulio},
	year = 2019,
	title = {Reproducibility Now: Why many studies are not reproducible?},
	eventtitle = {Singapore ReproducibiliTea},
	eventdate = {2019-11-21},
	venue = {Singapore, Singapore}
}

@presentation{google2019,
	title = {Using Artificial Intelligence to fight Child Mortality},
	author = {Gabrieli, Giulio},
	year = 2019,
	eventtitle = {Healthcare Tech - La Kopi @ Google Developer Space},
	eventdate = {2019-09-29},
	venue = {Singapore, Singapore}
}

@presentation{comput2019,
	author = {Bizzego, Andrea and Gabrieli, Giulio and Azhari, Atiqah and Setoh, Peipei and Esposito, Gianluca},
	title = {Computational methods for the assessment of empathic synchrony},
	year = 2019,
	eventtitle = {Italian Workshop on Neural Networks (WIRN)},
	eventdate = {2019-06-12/2019-06-14},
	venue = {Vietri sul Mare, Italy}
}

@presentation{mother2019,
	author = {Azhari, Atiqah and Leck, Wan Qing and Gabrieli, Giulio and Bizzego, Andrea and Rigo, Paola and Setoh, Peipei and Bornstein, Marc H. and Esposito, Gianluca},
	title = {Parenting Stress Undermines Mother-Child Interbrain Synchrony},
	year = 2019,
	eventtitle = {Social \& Affective Neuroscience Society (SANS)},
	eventdate = {2019-05-02/2019-05-04},
	venue = {Miami, United States}
}

@presentation{MICS2019,
	author = {Bizzego, Andrea and Gabrieli, Giulio and Bornstein, Mark H. and Deater-Deckard, Kirby and Putnick, Diane L. and Lansford, Jennifer. E. and Bradley, R. H. and Costa, Megan and Esposito, Gianluca},
	title = {Adapting the MAQC-DAP to the UNICEF MICS Dataset to Predict Child Mortality in Low- and Middle-Income Countries},
	eventtitle = {3rd Annual MAQC Society Conference},
	eventdate = {2019-04-08/2019-04-10},
	venue = {Trento, Italy}
}

@presentation{3MT,
	author = {Gabrieli, Giulio},
	year = 2019,
	title = {Predicting Child Mortality in Low- and Middle-Income Countries: a big data approach},
	eventtitle = {“3 Minute Thesis” Competition},
	eventdate = {2019-03-29},
	venue = {Singapore, Singapore}
}

@presentation{cryLinux2019,
	author = {Gabrieli, Giulio and Leck, Wan Qing and Bizzego, Andrea and Esposito, Gianluca},
	year = 2019,
	title = {Are Praat's default settings optimal for Infant cry analysis?},
	eventtitle = {Linux Audio Conference},
	venue = {Stanford, United States},
	eventdate = {2019-03-23/2019-03-26}
}

@presentation{motherchild2019,
	author = {Leck Wan Qing and Azhari, Atiqah and Bizzego, Andrea and Gabrieli, Giulio and Esposito, Gianluca},
	title = {Mother-Child Brain Synchrony: A Unique Dyadic Coupling},
	year = {2019},
	eventtitle = {International Symposium on Cognition and Neuroscience (ISCN)},
	venue = {Singapore, Singapore},
	eventdate = {2019-08-08}
}	   

@presentation{poetry2018,
	author = {Gabrieli, Giulio and Truzzi, Anna and Rigo, Paola and Onnis, Luca and Esposito, Gianluca},
	title = {Promoting empathy with rhymes: effects of poetry exposure on physiological arousal and empathic trait},
	year = 2018,
	eventtitle = {European Society for Cognitive and Affective Neuroscience (ESCAN)},
	eventdate = {2018-07-19/2018-07-22},
	venue = {Leiden, The Netherlands}
}

@presentation{pysiology2018,
	author = {Gabrieli, Giulio and  Azhari, Atiqah and Esposito, Gianluca},
	title = {PySiology: a Python Package for Physiological Feature Extraction},
	year = 2018,
	eventtitle = {Italian Workshop on Neural Networks (WIRN)},
	eventdate = {2018-06-13/2018-06-15},
	venue = {Vietri sul Mare, Italy}
}

@presentation{web2018,
	author = {Gabrieli, Giulio and Esposito, Gianluca},
	title = {Neuroaesthetics and web design: how expertise shapes our perception of web pages},
	year = 2018,
	eventtitle = {Concepts, Actions and Objects (CAOS)},
	eventdate = {2018-05-03/2018-05-05},
	venue = {Rovereto, Italy}
}

@presentation{baby2018,
	author = {Venturoso, Leonardo and Gabrieli, Giulio and Truzzi, Anna and Esposito, Gianluca},
	title = {“Isn’t it lovely?”: Gender differences in response to babies and adults faces of different ethnic groups},
	year = 2018,
	eventtitle = {Concepts, Actions and Objects (CAOS)},
	eventdate = {2018-05-03/2018-05-05},
	venue = {Rovereto, Italy}
}

@presentation{love2018b,
	author = {Gabrieli, Giulio and Esposito, Gianluca and Setoh, Peipei and Vil, Soh and Truzzi, Anna},
	title = {Love patterns: a machine learning approach to the study of individuals’ perception of romantic interactions in ongoing and past relationships},
	year = 2018,
	eventtitle = {Consortium of European Research on Emotion},
	eventdate = {2018-04-04/2018-04-05},
	venue = {Glasgow, Scotland}
}

@presentation{love2018,
	author = {Gabrieli, Giulio and Esposito, Gianluca and Setoh, Peipei and Vil, Soh and Truzzi, Anna},
	title = {A machine learning approach to the study of individuals’ perception of romantic relationships},
	year = 2018,
	eventtitle = {Cognitive Scienc e Arena (CSA)},
	eventdate = {2018-02-23/2018-02-24},
	venue = {Brixen, Italy}
}

@presentation{faces2018,
	author = {Ghilardi, Tommaso and Bonassi, Andrea, and Gabrieli, Giulio and Doi, Hirokazu, and Shinohara, Kazuyuki and Esposito, Gianluca},
	title = {The influence of ethnicity in the recognition ability of emotional faces and voices},
	year = 2018,
	eventtitle = {Cognitive Scienc e Arena (CSA)},
	eventdate = {2018-02-23/2018-02-24},
	venue = {Brixen, Italy}
}

@presentation{iicw2017,
	author = {Gabrieli, Giulio and Scapin, Giulia and Panzariello, Salvatore and Esposito, Gianluca},
	year = {2017},
	title = {Analysis of available methods for Fundamental Frequency Estimation applied to the Infant Cry},
	eventdate = {2017-07-06/2017-07-08},
	eventtitle = {13th International Infant Cry Workshop},
	venue = {Rovereto, Italy}
}

@presentation{bci2017,
	author = {Gabrieli, Giulio},
	year = 2017,
	title = {BCI 101 - Introduction to Brain Computer Interfaces},
	eventdate = {2017-06-16},
	eventtitle = {13\textsuperscript{th} Speck and Tech},
	venue = {Trento, Italy}
}

@presentation{Poetry2017,
	author = {Gabrieli, Giulio and Lim, Mengyu and Bolcato, Chiara and Truzzi, Anna and Rigo, Paola and Onnis, Luca and Esposito, Gianluca},
	title = {Reading poetry increases adults' empathetic traits and moderated physiological arousal},
	year = {2017},
	eventtitle = {Social and affective Neuroscience Society (SANS)},
	venue = {Los Angeles, United States},
	%URL = {https://asa.confex.com/asa/2017/webprogramarchives/Session9517.html},
	eventdate = {2017-03-16/2017-03-18}
}

@presentation{web2018b,
	author = {Gabrieli, Giulio and Esposito, Gianluca},
	title = {Neuroaesthetic of websites: evaluating the impact of expertise and exposure to website on aesthetic judgment},
	year = 2018,
	eventtitle = {International Association of Empirical Aesthetics Congress (IAEA)},
	eventdate = {2018-08-30/2018-09-02},
	venue = {Toronto, Canada}
}

@presentation{SRI2016,
	author = {Gabrieli, Giulio},
	year = {2016},
	title = {The Dynamics of Love},
	eventitle = {Summer Research Internship, Nanyang Technological University},
	venue = {Singapore, Singapore},
}

%%%%%%%%%%%%%%%%%
%               %
%   Datasets    %
%               %
%%%%%%%%%%%%%%%%%

% @dataset{N9/SZNMRI_2021,
% author = {Esposito, Gianluca and Cataldo, Ilaria and Bonassi, Andrea and Gabrieli, Giulio},
% publisher = {DR-NTU (Data). \url{{https://doi.org/10.21979/N9/SZNMRI}}},
% title = {{Related Data for Serotonin Transporter Gene Polymorphisms and Maternal Overprotection Regulate Adult Social Expectations on Close Relationships}},
% year = {2021},
% version = {V1},
% doi = {10.21979/N9/SZNMRI},
% }

% @dataset{N9/0CAE55_2021,
% author = {Esposito, Gianluca and Cataldo, Ilaria and Bonassi, Andrea and Gabrieli, Giulio},
% publisher = {DR-NTU (Data). \url{https://doi.org/10.21979/N9/0CAE55}},
% title = {{Related Data for: Effect of early paternal caregiving and genotype rs25531 polymorphisms on the adult relationship with the partner}},
% year = {2021}
% }


@dataset{datasetHaloPrime,
	author = {Gabrieli, Giulio and Esposito, Gianluca},
	year = 2021,
	title = {Replication Data for: Halo and Priming},
	publisher = {DR-NTU (Data). \url{https://doi.org/10.21979/N9/2AMLSN}}
}

@dataset{datasetHaloATM,
	author = {Gabrieli, Giuli and Esposito, Gianluca},
	year = 2021,
	title = {Replication Data for: Halo and ATMs},
	publisher = {DR-NTU (Data). \url{https://doi.org/10.21979/N9/WOGMQ6}}
}

@dataset{datasetweb,
	author = {Gabrieli, Giulio and Esposito, Gianluca and Goh, Raphael and Gualco, Carlotta},
	year = 2020,
	title = {Influence of gender, ethnicity and age on the strenght of the Halo Effect (Aesthetics X Trustworthiness) (V. 2)},
	publisher = {DR-NTU (Data). \url{https://doi.org/10.21979/N9/5IIVOM}}
}

@dataset{covidUCL,
	author = "Andrea Bizzego and Alessandro Carollo and Giulio Gabrieli and Keri Ka-Yee Wong and Adrian Raine and Gianluca Esposito",
	title = "{I’m alone but not lonely. U-shaped pattern of perceived loneliness during the COVID-19 pandemic in the UK and Greece}",
	year = "2020",
	publisher = {UCL Data Repository. {\url{https://doi.org/10.5522/04/13251893.v1}}}
}

@dataset{S3/SLGEAS_2020,
	author = {Gabrieli, Giulio and Esposito, Gianluca},
	publisher = {UNC Dataverse. \url{https://doi.org/10.15139/S3/SLGEAS}},
	title = "{The Dynamics of Love, 2019}",
	year = {2020}
}

@dataset{N9/0FU9ZG_2020,
	author = {Gabrieli, Giulio and Zhang, Lijun and Setoh, Peipei},
	title = {{Related Data for: A Machine Learning Approach For The Automatic Estimation Of Fixation-Time Data Signals’ Quality}},
	year = {2020},
	publisher = {DR-NTU (Data). \url{https://doi.org/10.21979/N9/0FU9ZG}}
}

@dataset{N9/GUSTLQ_2020,
	author = {Gabrieli, Giulio and Bonassi, Andrea and Carollo, Alessandro and Esposito, Gianluca},
	title = {{Related Data for: Association between Oxytocin Receptor Gene polymorphisms and number of followed people on Instagram: an exploratory analysis}},
	year = {2020},
	publisher = {DR-NTU (Data). \url{https://doi.org/10.21979/N9/GUSTLQ}}
}

@dataset{N9/42BBFA_2020,
	author = {Bizzego, Andrea and Gabrieli, Giulio and Esposito, Gianluca},
	title = {{Comparison of wearable and clinical devices for experiments with multivariate physiological signals, DR-NTU (Data). \url{https://doi.org/10.21979/N9/42BBFA}}},
	year = {2020},
}

@dataset{N9/R7D1UP_2020,
	author = {Azhari, Atiqah and Gabrieli, Giulio and Esposito, Gianluca},
	publisher = {DR-NTU (Data). \url{https://doi.org/10.21979/N9/R7D1UP}},
	title = {{Parent-Infant Sync: Play and Video}},
	year = {2020},
}

@dataset{N9/O9ADTR_2020,
	author = {Esposito, Gianluca and Gabrieli, Giulio and Bizzego, Andrea},
	title = {{Replication Data for: Strangers, friends, and lovers show specific physiological synchronies in different emotional contexts, }},
	year = {2020},
	publisher = {DR-NTU (Data). \url{https://doi.org/10.21979/N9/O9ADTR}}
}

@dataset{N9/YCDXNE_2019,
	author = {Esposito, Gianluca and Gabrieli, Giulio},
	title = {{Related Data for: Machine Learning Estimation of users' Implicit and Explicit Aesthetic Judgments of Web-Pages,}},
	year = {2019},
	publisher =  {DR-NTU (Data). \url{https://doi.org/10.21979/N9/YCDXNE}}
}

@dataset{N9/Z15IJ0_2020,
	author = {Bonassi, Andrea and Gabrieli, Giulio and Esposito, Gianluca},
	publisher = {DR-NTU (Data). \url{https://doi.org/10.21979/N9/Z15IJ0}},
	title = {{Related Data for Serotonin transporter gene polymorphisms and confidence in adult relationships affect the number of followed people on Instagram}},
	year = {2020}
}

@dataset{N9/IZQPBI_2020,
	author = {Azhari, Atiqah and Gabrieli, Giulio and Setoh, Pei Pei and Esposito, Gianluca},
	publisher = {DR-NTU (Data). \url{https://doi.org/10.21979/N9/IZQPBI}},
	title = {{Related data for: Parents' past bonding experience with their parents interacts with current parenting stress to influence quality of interaction with their child}},
	year = {2020}
}

@dataset{N9/VQBCUD_2020,
	author = {Gabrieli, Giulio and Goh, Raphael Yu Le and Carollo, Alessandro and Esposito, Gianluca},
	publisher = {DR-NTU (Data). \url{https://doi.org/10.21979/N9/VQBCUD}},
	title = {{Replication Data for: Politicians and babies (NYT)}},
	year = {2020}
}

@dataset{N9/XIVRWS_2020,
	author = {Gabrieli, Giulio and Esposito, Gianluca and Bonassi, Andrea},
	publisher = {DR-NTU (Data). \url{https://doi.org/10.21979/N9/XIVRWS}},
	title = {{Related Data for: The interaction between serotonin transporter allelic variation and maternal care modulates sociability on Instagram}},
	year = {2020}
}

@dataset{N9/IU0UOB_2019,
	author = {Gabrieli, Giulio and Esposito, Gianluca},
	publisher = {DR-NTU (Data). \url{https://doi.org/10.21979/N9/IU0UOB}},
	title = {{Related Data for: Assessing mothers’ post-partum depression from their infants’ cry vocalizations}},
	year = {2019}
}

@dataset{N9/ZEH2XC_2019,
	author = {Bonassi, Andrea and Cataldo, Ilaria and Gabrieli, Giulio and Esposito, Gianluca},
	publisher = {DR-NTU (Data). \url{https://doi.org/10.21979/N9/ZEH2XC}},
	title = {{Related data for: Oxytocin Receptor Gene polymorphism and early parental bonding interact in shaping Instagram social behaviour}},
	year = {2019}
}

@dataset{N9/UDQBEK_2019,
	author = {Esposito, Gianluca and Gabrieli, Giulio},
	publisher = {DR-NTU (Data). \url{https://doi.org/10.21979/N9/UDQBEK}},
	title = {{Replication Data for: Are cry studies replicable? An analysis of participants, setups, and methods adopted and reported in cry studies}},
	year = {2019}
}

@dataset{N9/ETOGH8_2019,
	author = {Gabrieli, Giulio and Esposito, Gianluca and Azhari, Atiqah},
	publisher = {DR-NTU (Data). \url{https://doi.org/10.21979/N9/ETOGH8}},
	title = {{Replication Data for: Cohabitation Enhances Couple’s Brain-to-Brain Synchrony to Infant Cry}},
	year = {2019}
}

@dataset{N9/TGTTTR_2019,
	author = {Esposito, Gianluca and Gabrieli, Giulio and Venturoso, Leonardo},
	publisher = {DR-NTU (Data). \url{https://doi.org/10.21979/N9/TGTTTR}},
	title = {{Related data for: Effects of Baby Schema and Mere Exposure on Explicit and Implicit Face Processing}},
	year = {2019}
}

@dataset{N9/GTRLJJ_2019,
	author = {Esposito, Gianluca and Bonassi, Andrea and Gabrieli, Giulio},
	publisher = {DR-NTU (Data). \url{https://doi.org/10.21979/N9/GTRLJJ}},
	title = {{Replication Data for: The recognition of emotional faces is affected by intensity and ethnicity}},
	year = {2019}
}

@dataset{N9/CTR0YX_2019,
	author = {Esposito, Gianluca and Gabrieli, Giulio and Azhari, Atiqah and Bizzego, Andrea},
	publisher = {DR-NTU (Data). \url{https://doi.org/10.21979/N9/CTR0YX}},
	title = {{Replication Data for: Parenting Stress Undermines Mother-Child Brain-to-Brain Synchrony: A Hyperscanning Study}},
	year = {2019} 
}

@dataset{N9/GZSQT7_2019,
	author = {Esposito, Gianluca and Gabrieli, Giulio},
	publisher = {DR-NTU (Data). \url{https://doi.org/10.21979/N9/GZSQT7}},
	title = {{Replication Data for: PySiology: a Python Package for Physiological Feature Extraction}},
	year = {2019}
}





